<record><leader>00000cas a22000007a 4500</leader><controlfield tag="001">13380846</controlfield><controlfield tag="008">860402d19051970moudr ne      0    0eng d</controlfield><datafield ind1=" " ind2=" " tag="010"><subfield code="a">sn 86063336 </subfield></datafield><datafield ind1=" " ind2=" " tag="040"><subfield code="a">KSH</subfield><subfield code="b">eng</subfield><subfield code="c">KSH</subfield><subfield code="d">NPT</subfield><subfield code="d">MQN</subfield><subfield code="d">NYS</subfield><subfield code="d">OCLCQ</subfield></datafield><datafield ind1=" " ind2=" " tag="042"><subfield code="a">msc</subfield></datafield><datafield ind1="0" ind2="0" tag="245"><subfield code="a">Joplin news-herald.</subfield></datafield><datafield ind1=" " ind2=" " tag="260"><subfield code="a">Joplin, Mo. :</subfield><subfield code="b">News Herald Print. Co.,</subfield><subfield code="c">1905-1970.</subfield></datafield><datafield ind1=" " ind2=" " tag="300"><subfield code="a">v. :</subfield><subfield code="b">ill. ;</subfield><subfield code="c">55 cm.</subfield></datafield><datafield ind1=" " ind2=" " tag="310"><subfield code="a">Daily</subfield></datafield><datafield ind1="0" ind2=" " tag="362"><subfield code="a">33rd year, no. 103 (July 2, 1905)- ; v. 86, no. 110 (July 15, 1958)-v. 98, no. 125 (Aug. 28, 1970).</subfield></datafield><datafield ind1=" " ind2=" " tag="752"><subfield code="a">United States</subfield><subfield code="b">Missouri</subfield><subfield code="c">Jasper</subfield><subfield code="d">Joplin.</subfield></datafield><datafield ind1="0" ind2="0" tag="780"><subfield code="t">Joplin daily news-herald</subfield><subfield code="w">(DLC)sn 89067262</subfield></datafield><datafield ind1="0" ind2="4" tag="785"><subfield code="t">Joplin globe</subfield><subfield code="w">(DLC)sn 86063335</subfield></datafield></record>